%% LaTeX2e file `SitePassword_SOUPS.bib'
%% generated by the `filecontents' environment
%% from source `SitePassword_SOUPS' on 2023/02/15.
%%
%-------------------------------------------------------------------------------
@Book{arpachiDusseau18:osbook,
  author =       {Arpaci-Dusseau, Remzi H. and Arpaci-Dusseau Andrea C.},
  title =        {Operating Systems: Three Easy Pieces},
  publisher =    {Arpaci-Dusseau Books, LLC},
  year =         2015,
  edition =      {1.00},
  note =         {\url{http://pages.cs.wisc.edu/~remzi/OSTEP/}}
}
@InProceedings{waldspurger02,
  author =       {Waldspurger, Carl A.},
  title =        {Memory resource management in {VMware ESX} server},
  booktitle =    {USENIX Symposium on Operating System Design and
                  Implementation (OSDI)},
  year =         2002,
  pages =        {181--194},
  note =         {\url{https://www.usenix.org/legacy/event/osdi02/tech/waldspurger/waldspurger.pdf}}
}
@inproceedings{ross2005stronger,
  title={Stronger Password Authentication Using Browser Extensions.},
  author={Ross, Blake and Jackson, Collin and Miyake, Nick and Boneh, Dan and Mitchell, John C},
  booktitle={USENIX Security Symposium},
  volume={17},
  pages={32},
  year={2005},
  organization={Baltimore, MD, USA}
}
@techreport{karp2002,
  title={Site-Specific Passwords},
  author={Karp, Alan H.},
  year=2002,
  note={\url {https://www.hpl.hp.com/techreports/2002/HPL-2002-39R1.html}}
}
@inproceedings{ross2005stronger,
  title={Stronger Password Authentication Using Browser Extensions.},
  author={Ross, Blake and Jackson, Collin and Miyake, Nick and Boneh, Dan and Mitchell, John C},
  booktitle={USENIX Security Symposium},
  volume={17},
  pages={32},
  year={2005},
  organization={Baltimore, MD, USA},
  note={\url {https://www.usenix.org/legacy/events/sec05/tech/full_papers/ross/ross.pdf}}
}
@misc{abadi,
  title={System and method for generating unique passwords},
  author={Abadi, Martin and Bharat, Krishna and Marais, Johannes},
  year=2000,
  howpublished={United States Patent},
  number=6,141,760,
  note={\url {https://patentimages.storage.googleapis.com/55/64/5e/eafa0c9b997d02/US6141760.pdf}}
}
@misc{hptoolbar,
  title={HP Antiphishing Toolbar for Internet Explorer},
  author={Hewlett-Packard Corporation},
  howpublished={Product Catalog},
  pages={18},
  note={\url {https://github.com/alanhkarp/SitePassword/blob/main/SitePasswordTalk.pdf}
}