%% LaTeX2e file `usenix2022_SOUPS.bib'
%% generated by the `filecontents' environment
%% from source `usenix2022_SOUPS' on 2023/02/13.
%%
%-------------------------------------------------------------------------------
@Book{arpachiDusseau18:osbook,
  author =       {Arpaci-Dusseau, Remzi H. and Arpaci-Dusseau Andrea C.},
  title =        {Operating Systems: Three Easy Pieces},
  publisher =    {Arpaci-Dusseau Books, LLC},
  year =         2015,
  edition =      {1.00},
  note =         {\url{http://pages.cs.wisc.edu/~remzi/OSTEP/}}
}
@InProceedings{waldspurger02,
  author =       {Waldspurger, Carl A.},
  title =        {Memory resource management in {VMware ESX} server},
  booktitle =    {USENIX Symposium on Operating System Design and
                  Implementation (OSDI)},
  year =         2002,
  pages =        {181--194},
  note =         {\url{https://www.usenix.org/legacy/event/osdi02/tech/waldspurger/waldspurger.pdf}}}
